% This file was created with JabRef 2.5.
% Encoding: MacRoman

@STRING{aij = {Artificial Intelligence}}

@STRING{annrevpsy = {Annual Review of Psychology}}

@STRING{bbs = {Behavioral and Brain Sciences}}

@STRING{bc = {Biological Cybernetics}}

@STRING{cogpsych = {Cognitive Psychology}}

@STRING{cvpr = {Proc. IEEE Conference on Computer Vision and Pattern Recognition}}

@STRING{devpsych = {Developmental Psychology}}

@STRING{ijcai = {Proceedings of the International Joint Conference on Artificial Intelligence}}

@STRING{jepgen = {Journal of Experimental Psychology: General}}

@STRING{jmathpsych = {Journal of Mathematical Psychology}}

@STRING{ml = {Machine Learning}}

@STRING{nc = {Neural Computation}}

@STRING{nips = {Advances in Neural Information Processing Systems}}

@STRING{pami = {IEEE Pat. Anal. Mach. Intell.}}

@STRING{proccogsci = {Proceedings of the Annual Meeting of the Cognitive Science Society}}

@STRING{procieee = {Proceedings of the IEEE}}

@STRING{psybullrev = {Psychonomic Bulletin and Review}}

@STRING{psyrev = {Psychological Review}}

@STRING{psysci = {Psychological Science}}

@STRING{tics = {Trends in Cognitive Science}}

@INCOLLECTION{2005,
  author = {A. d'Aspremont and L. El Ghaoui and I. Jordan and G. R. G. Lanckriet},
  title = {A direct formulation for sparse {PCA} using semidefinite programming},
  booktitle = {Advances in {N}eural {I}nformation {P}rocessing {S}ystems 17},
  publisher = {MIT Press},
  year = {2005},
  address = {Cambridge, MA}
}

@TECHREPORT{2004,
  author = {A. d'Aspremont and L. El Ghaoui and I. Jordan and G. R. G. Lanckriet},
  title = {A direct formulation for sparse {PCA} using semidefinite programming},
  institution = {Computer Science Division, University of California, Berkeley},
  year = {2004},
  number = {UCB/CSD-04-1330}
}

@CONFERENCE{Wood2009,
  author = {F. Wood and C. Archambeau and J. Gasthaus and L. James and Y. W.
	Teh},
  title = {A Stochastic Memoizer for Sequence Data},
  booktitle = {Proceedings of the 26th International Conference on Machine Learning},
  year = {2009},
  pages = {1129--1136},
  address = {Montreal, Canada},
  owner = {ucabjga},
  timestamp = {2009.05.28}
}

@ARTICLE{Wood2008b,
  author = {Wood, F. and Black, M. J.},
  title = {A nonparametric {B}ayesian alternative to spike sorting},
  journal = {Journal of Neuroscience Methods},
  year = {2008},
  pages = {to appear}
}

@MISC{DMOZ,
  howpublished = {\texttt{http://www.dmoz.org/}},
  title = {{D}{M}{O}{Z} open directory project},
  year = {2002},
}

@MISC{AMAZON,
  howpublished = {\texttt{http://www.amazon.com/}},
  title = {Amazon, {I}nc.},
  year = {2011},
}

@MISC{SNAP,
  howpublished = {\texttt{http://snap.stanford.edu/}},
  title = {Stanford Network Analysis Platform},
  year = {2004},
}

@MISC{ICD9NCBO,
  howpublished = {\texttt{http://bioportal.bioontology.org/ontologies/35686}},
  title = {International Classification of Disease},
  year = {2008},
  month = may,
  day = {16}
}

@BOOK{1963,
  title = {The perception of causality},
  publisher = {Basic Books},
  year = {1963},
  address = {New York},
  altauthor = {A. Michotte}
}

@ARTICLE{Blumenthal2009,
  author = {Blumenthal, D.},
  title = {Stimulating the adoption of health information technology},
  journal = {The New England Journal of Medicine},
  year = {2009},
  volume = {360},
  number = {15},
  pages = {1477-1479}
}

@ARTICLE{Griffiths04,
  author={Griffiths, TL and Steyvers, M},
  title={Finding Scientific Topics},
  journal={PNAS},
  year={2004},
  volume={101},
  number={suppl. 1},
  pages={5228-5235},
}


@ARTICLE{ChangBlei2010,
  author = {Chang, J. and Blei, D.},
  title = {Hierarchical relational models for document networks},
  journal = {Annals},
  year = {2010},
  volume = {4},
  number = {1},
  pages = {124-150}
}

@ARTICLE{BleiMcAuliffe2008,
  author = {Blei, D. and McAuliffe, J.},
  title = {Supervised topic models},
  journal = {Advances in Neural Information Processing},
  year = {2008},
  volume = {20},
  pages = {121-128}
}

@ARTICLE{Surjan1999,
  author = {Surjan, G. },
  title = {Questions on validity of International Classification of Diseases-coded diagnoses},
  journal = {International journal of medical informatics},
  year = {1999},
  volume = {54},
number = {2},
  pages = {77-95}
}

@ARTICLE{Farzandipour2010,
  author = {Farzandipour, M. and Sheikhtaheri, A. and Sadoughi, F. },
  title = {Effective factors on accuracy of principal diagnosis coding based on International Classification of Diseases, the 10th revision (ICD-10)},
  journal = {International journal of information management},
  year = {2010},
  volume = {30},
  pages = {78-84}
}

@article{Blei2003,
 author = {Blei, David M. and Ng, Andrew Y. and Jordan, Michael I.},
 title = {Latent dirichlet allocation},
 journal = {J. Mach. Learn. Res.},
 volume = {3},
 month = {March},
 year = {2003},
 issn = {1532-4435},
 pages = {993-1022},
 numpages = {30},
 publisher = {JMLR.org},
}

@article{Crammer2007,
author = {K Crammer and M Dredze and K Ganchev and PP Talukdar and S Carroll}, 
journal = {Proceedings of the Workshop on BioNLP 2007: Biological, Translational, and Clinical Language Processing},
title = {Automatic code assignment to medical text},
pages = {129--136},
year = {2007},
date-added = {2010-12-21 11:32:59 -0500},
date-modified = {2010-12-21 11:35:39 -0500},
pmid = {9113519865851630379related:K1ONUQi6eX4J},
local-url = {file://localhost/Users/rimz/Documents/Papers/2007/Crammer/Automatic%20code%20assignment%20to%20medical%20Crammer%202007.pdf},
uri = {papers://133DB879-1449-4616-82FA-5922F44B47F6/Paper/p2562},
read = {Yes},
rating = {0}
}

@article{Rao2003,
author = {RB Rao and S Sandilya and RS Niculescu and C Germond and H Rao}, 
journal = {Proceedings of the ninth ACM SIGKDD international conference on Knowledge discovery and data mining},
title = {Clinical and financial outcomes analysis with existing hospital patient records},
pages = {416--425},
year = {2003},
date-added = {2010-12-21 16:36:21 -0500},
date-modified = {2010-12-21 16:36:30 -0500},
pmid = {10701745466224609131related:awf3Hs08hJQJ},
local-url = {file://localhost/Users/rimz/Documents/Papers/2003/Rao/Clinical%20and%20financial%20outcomes%20analysis%20Rao%202003.pdf},
uri = {papers://133DB879-1449-4616-82FA-5922F44B47F6/Paper/p2617},
rating = {0}
}

@article{FreitasJunior2006,
author = {HR Freitas‐Junior and B Ribeiro‐Neto and RF Vale and AHF Laender and LRS Lima}, 
journal = {Journal of the American Society for Information Science and Technology},
title = {Categorization‐driven cross‐language retrieval of medical information},
number = {4},
pages = {501--510},
volume = {57},
year = {2006},
date-added = {2010-12-21 16:33:13 -0500},
date-modified = {2010-12-21 16:33:23 -0500},
pmid = {2258032583072859483related:W8VQtaskVh8J},
local-url = {file://localhost/Users/rimz/Documents/Papers/2006/Freitas%E2%80%90Junior/Categorization%E2%80%90driven%20cross%E2%80%90language%20retrieval%20of%20medical%20Freitas%E2%80%90Junior%202006.pdf},
uri = {papers://133DB879-1449-4616-82FA-5922F44B47F6/Paper/p2615},
rating = {0}
}

@article{Lita2008,
author = {LV Lita and S Yu and S Niculescu and J Bi}, 
title = {Large scale diagnostic code classification for medical patient records},
year = {2008},
date-added = {2010-12-21 11:31:13 -0500},
date-modified = {2010-12-21 11:32:06 -0500},
pmid = {13730887766065978193related:UZseg6zpjb4J},
local-url = {file://localhost/Users/rimz/Documents/Papers/2008/Lita/Large%20scale%20diagnostic%20code%20classification%20Lita%202008.pdf},
uri = {papers://133DB879-1449-4616-82FA-5922F44B47F6/Paper/p2559},
read = {Yes},
rating = {0}
}

@article{RibeiroNeto2001,
author = {B Ribeiro‐Neto and AHF Laender and LRS De Lima}, 
journal = {Journal of the American society for Information science and Technology},
title = {An experimental study in automatically categorizing medical documents},
number = {5},
pages = {391--401},
volume = {52},
year = {2001},
date-added = {2010-12-21 16:35:12 -0500},
date-modified = {2010-12-21 16:35:21 -0500},
pmid = {10741296880498623730related:8sQhXZrAEJUJ},
local-url = {file://localhost/Users/rimz/Documents/Papers/2001/Ribeiro%E2%80%90Neto/An%20experimental%20study%20in%20automatically%20Ribeiro%E2%80%90Neto%202001.pdf},
uri = {papers://133DB879-1449-4616-82FA-5922F44B47F6/Paper/p2616},
rating = {0}
}

@article{Brown2006,
author = {P Brown¹ and DG Cochrane and JR Allegra}, 
journal = {Advances in Disease Surveillance},
title = {The NGram CC Classifier: A Novel Method of Automatically Creating CC Classifiers Based on ICD9 Groupings},
pages = {30},
volume = {1},
year = {2006},
keywords = {}, 
date-added = {2010-12-21 16:37:38 -0500},
date-modified = {2010-12-21 16:37:47 -0500},
pmid = {13614326750720208605related:3a7GSAzO77wJ},
local-url = {file://localhost/Users/rimz/Documents/Papers/2006/Brown%C2%B9/The%20NGram%20CC%20Classifier%20A%20Brown%C2%B9%202006.pdf},
uri = {papers://133DB879-1449-4616-82FA-5922F44B47F6/Paper/p2618},
rating = {0}
}

@article{Farkas2008,
author = {R Farkas and G Szarvas}, 
journal = {BMC bioinformatics},
title = {Automatic construction of rule-based ICD-9-CM coding systems},
number = {Suppl 3},
pages = {S10},
volume = {9},
year = {2008},
date-added = {2010-12-21 11:35:53 -0500},
date-modified = {2010-12-21 11:36:11 -0500},
pmid = {10804223072221809173related:FUrcFaRP8JUJ},
local-url = {file://localhost/Users/rimz/Documents/Papers/2008/Farkas/Automatic%20construction%20of%20rule-based%20ICD-9-CM%20Farkas%202008-1.pdf},
uri = {papers://133DB879-1449-4616-82FA-5922F44B47F6/Paper/p2565},
read = {Yes},
rating = {0}
}

@article{Goldstein2007,
author = {I Goldstein and A Arzumtsyan and {\"O} Uzuner}, 
journal = {AMIA Annual Symposium Proceedings},
title = {Three approaches to automatic assignment of ICD-9-CM codes to radiology reports},
pages = {279},
volume = {2007},
year = {2007},
date-added = {2010-12-21 11:32:59 -0500},
date-modified = {2010-12-21 11:33:11 -0500},
pmid = {155128133319541439related:v0IuITcgJwIJ},
local-url = {file://localhost/Users/rimz/Documents/Papers/2007/Goldstein/Three%20approaches%20to%20automatic%20assignment%20Goldstein%202007.pdf},
uri = {papers://133DB879-1449-4616-82FA-5922F44B47F6/Paper/p2563},
read = {Yes},
rating = {0}
}

@article{Ruch2008,
author = {P Ruch and J Gobeill and I Tbahriti and A Geissb{\"u}hler}, 
journal = {AMIA Annual Symposium Proceedings},
title = {From episodes of care to diagnosis codes: automatic text categorization for medico-economic encoding},
pages = {636},
volume = {2008},
year = {2008},
date-added = {2010-12-21 11:37:38 -0500},
date-modified = {2010-12-21 11:38:03 -0500},
pmid = {related:fEPrzk3WzzkJ},
local-url = {file://localhost/Users/rimz/Documents/Papers/2008/Ruch/From%20episodes%20of%20care%20to%20Ruch%202008.pdf},
uri = {papers://133DB879-1449-4616-82FA-5922F44B47F6/Paper/p2566},
read = {Yes},
rating = {0}
}


@article{TehJorBea2006,
title=          "Hierarchical {D}irichlet Processes",
author=         "Y. W. Teh and M. I. Jordan and M. J. Beal and D. M. Blei",
journal=        "Journal of the American Statistical Association",
volume=         "101",
number=         "476",
pages=          "1566-1581",
year=           "2006"
}

@incollection{WallachMiMc2009,
 title = {Rethinking LDA: Why Priors Matter},
 author = {Hanna Wallach and David Mimno and Andrew McCallum},
 booktitle = {Advances in Neural Information Processing Systems 22},
 editor = {Y. Bengio and D. Schuurmans and J. Lafferty and C. K. I. Williams and A. Culotta},
 pages = {1973--1981},
 year = {2009}
}

@article{Albert_Chib_1993, 
title={Bayesian Analysis of Binary and Polychotomous Response Data}, 
volume={88},
number={422}, 
journal={Journal of the American Statistical Association}, 
publisher={JSTOR}, 
author={Albert, James H and Chib, Siddhartha}, 
year={1993}, 
pages={669}}


@article{
author = {Jonathan Chang and David M. Blei},
title = {Hierarchical relational models for document networks},
journal = {Annals of Applied Statistics},
volume = {4},
year = {2010},
pages = {124--150},
doi = {10.1214/09-AOAS309},
masid = {16479598}
}

@inproceedings{wangbleifeifei08,
author = {Chong Wang and David Blei and Li Fei-Fei},
title = {Simultaneous Image Classification and Annotation},
booktitle = {CVPR},
year = {2009},
}

@inproceedings{
author = {Simon Lacoste-julien and Fei Sha and Michael I. Jordan},
title = {DiscLDA: Discriminative Learning for Dimensionality Reduction and Classification},
booktitle = {Neural Information Processing Systems},
pages = {897--904},
masid = {4727431}
}

@inproceedings{Ramage:2009,
 author = {Ramage, Daniel and Hall, David and Nallapati, Ramesh and Manning, Christopher D.},
 title = {Labeled LDA: a supervised topic model for credit attribution in multi-labeled corpora},
 booktitle = {Proceedings of the 2009 Conference on Empirical Methods in Natural Language Processing: Volume 1 - Volume 1},
 series = {EMNLP '09},
 year = {2009},
 isbn = {978-1-932432-59-6},
 location = {Singapore},
 pages = {248--256},
 numpages = {9},
 url = {http://portal.acm.org/citation.cfm?id=1699510.1699543},
 acmid = {1699543},
 publisher = {Association for Computational Linguistics},
 address = {Stroudsburg, PA, USA},
} 

